@TechReport{Bilmes98agentle,
  author = 	 {J. Bilmes},
  title = 	 {A Gentle Tutorial of the {EM} algorithm and its application to Parameter Estimation for {G}aussian Mixture and Hidden {M}arkov Models},
  institution =  {ICSI},
  year = 	 {1997},
  number = 	 {TR-97-021},
}

@article{Bilgrau2016,
   author = {A. Bilgrau and P. E. and J. Rasmussen and H. J. and K. D. and M. Boegsted},
   title = {GMCM: Unsupervised Clustering and Meta-Analysis Using Gaussian Mixture Copula Models},
   journal = {Journal of Statistical Software, Articles},
   volume = {70},
   number = {2},
   year = {2016},
   issn = {1548-7660},
   pages = {1--23},
   doi = {10.18637/jss.v070.i02},
}
  
@Inbook{Elidan2013,
    author= {G. Elidan},
    editor= {Jaworski, Piotr and Durante, Fabrizio and H{\"a}rdle, Karl Wolfgang},
    chapter= {Copulas in Machine Learning},
    title= {Copulae in Mathematical and Quantitative Finance: Proceedings of the Workshop Held in Cracow, 10-11 July 2012},
    year= {2013},
    publisher={Springer Berlin Heidelberg},
    address={Berlin, Heidelberg},
    pages={39--60},
  }
  
@Inbook{Nelsen1999Chapter3,
title={An Introduction to Copulas},
chapter= {Methods of Constructing Copulas},
year={1999},
author={R. B. Nelsen},
pages={51--108},
isbn={9780387986234},
lccn={98041245},
series={Lecture notes in statistics},
publisher={Springer}
}
  
@inproceedings{Tewari2011,
    author = {A. Tewari and M. Giering and A. Raghunathan},
    biburl = {http://www.bibsonomy.org/bibtex/210159bdfef0badc7fc055c5d3b214b8b/dblp},
    booktitle = {ICDM Workshops},
    crossref = {conf/icdm/2011w},
    ee = {http://doi.ieeecomputersociety.org/10.1109/ICDMW.2011.135},
    interhash = {888ede97b50cca1bea2cce3e80604b81},
    intrahash = {10159bdfef0badc7fc055c5d3b214b8b},
    isbn = {978-0-7695-4409-0},
    keywords = {dblp},
    pages = {286--292},
    publisher = {IEEE Computer Society},
    timestamp = {2015-06-18T20:52:08.000+0200},
    title = {Parametric Characterization of Multimodal Distributions with Non-gaussian Modes.},
    year = 2011
  }

    
@InProceedings{Bhattacharya2014,
    author = {S. Bhattacharya  and V. Rajan},
    title = {Unsupervised Learning using Gaussian Mixture Copula Model.},
    booktitle = {21st International Conference on Computational Statistics COMPSTAT 2014},
    year = {2014}
    }
    
    
@article{Bedford2002,
 ISSN = {00905364},
 author = {T. Bedford and R. M. Cooke},
 journal = {The Annals of Statistics},
 number = {4},
 pages = {1031--1068},
 publisher = {Institute of Mathematical Statistics},
 title = {Vines: A New Graphical Model for Dependent Random Variables},
 volume = {30},
 year = {2002}
}

@incollection{Elidan2010,
title = {Copula Bayesian Networks},
author = {G. Elidan},
booktitle = {Advances in Neural Information Processing Systems 23},
editor = {J. D. Lafferty and C. K. I. Williams and J. Shawe-Taylor and R. S. Zemel and A. Culotta},
pages = {559--567},
year = {2010},
publisher = {Curran Associates, Inc.},
}

@article{Liu2009,
 author = {H. Liu and J. Lafferty and L. Wasserman},
 title = {The Nonparanormal: Semiparametric Estimation of High Dimensional Undirected Graphs},
 journal = {J. Mach. Learn. Res.},
 issue_date = {12/1/2009},
 volume = {10},
 month = dec,
 year = {2009},
 issn = {1532-4435},
 pages = {2295--2328},
 numpages = {34},
 acmid = {1755863},
 publisher = {JMLR.org},
} 


@book{Kurowicka2009Book,
title = {Dependence Modeling: Vine Copula Handbook},
editor = {D. Kurowicka and H. Joe},
year = {2010},
publisher = {World Scientific Publishing Co. Pte. Ltd.},
keywords = {Dependence Modeling; Joint Distributions; Copulae; Vines; Graphical Models; PCC},
}

@book{Nelsen1999introduction,
  title={An Introduction to Copulas},
  year={1999},
  author={R. B. Nelsen},
  isbn={9780387986234},
  lccn={98041245},
  series={Lecture notes in statistics},
  publisher={Springer}
}


@article{Hu2006MixedCopulaFinacialMarkets,
author = {L. Hu },
title = {Dependence patterns across financial markets: a mixed copula approach},
journal = {Applied Financial Economics},
volume = {16},
number = {10},
pages = {717--729},
year = {2006},
doi = {10.1080/09603100500426515},
}

@article{Han2013CODA,
author={F. Han and T. Zhao and H. Liu}, 
title={CODA: High Dimensional Copula Discriminant Analysis},
journal={Journal of Machine Learning Research},
volume={14}, 
pages = {629--671},
year = {2013},
}

@article{Ma2012Gini,
title={Application of the Gini correlation coefficient to infer regulatory relationships in transcriptome analysis.},
author={C. Ma and X. P. Wang},
journal={Plant physiology},
volume={160},
number={1},
pages={190--203},
year={2012}
}

@Article{Kim2008,
author={J. M. Kim and Y. S. Jung and E. A. Sungur and K. H.Han and C. Park and I. Sohn},
title={A copula method for modeling directional dependence of genes},
journal={BMC Bioinformatics},
year={2008},
volume={9},
number={1},
pages={1--12},
doi={10.1186/1471-2105-9-225},
}

@article{Li2011,
author = {Q. Li and J. B. Brown and H. Huang and P. J. Bickel},
doi = {10.1214/11-AOAS466},
journal = {The Annals of Applied Statistics},
month = {09},
number = {3},
pages = {1752--1779},
publisher = {The Institute of Mathematical Statistics},
title = {Measuring reproducibility of high-throughput experiments},
volume = {5},
year = {2011}
}

@book{Cherubini2004copula,
title={Copula Methods in Finance},
author={U. Cherubini and E. Luciano and W. Vecchiato},
isbn={9780470863459},
series={The Wiley Finance Series},
year={2004},
publisher={Wiley}
}

@article {Yu2013GMCMWindPred,
author = {J. Yu and K. Chen and J. Mori and M. M. Rashid},
title = {A Gaussian mixture copula model based localized Gaussian process regression approach for long-term wind speed prediction},
journal = {Energy},
volume = {61},
issn = {0360-5442},
doi = {http://dx.doi.org/10.1016/j.energy.2013.09.013},
pages = {673--686},
year = {2013},
}

@inproceedings{Bilgrau2012quantification,
title={Quantification of reproducibility of microarray experiments by semi-parametric mixture models applied to the detection of differentially expressed genes in B-cell subpopulations},
author={A. E. Bilgrau and K. S. Bergkvist and M. K. Kjeldsen and S. Falgreen and M. Rodrigo-Domingo and A. Schmitz and J. S. B{\o}dker, and M. Nyegaard and H. E. Johnsen and K. Dybk{\ae}r and others},
booktitle={Forskningens Dag 2012},
year={2012}
}

@article {Wang2014,
author = {Y. Wang and D. G. Infield and B. Stephen and S. J. Galloway},
title = {Copula-based model for wind turbine power curve outlier rejection},
journal = {Wind Energy},
volume = {17},
number = {11},
issn = {1099-1824},
doi = {10.1002/we.1661},
pages = {1677--1688},
keywords = {wind turbine, power curve, outlier rejection, SCADA, copula model},
year = {2014},
}

@inproceedings{Rey2012_CopulaMixture, 
Publisher = {ACM}, 
Title = {Copula Mixture Model for Dependency-seeking Clustering}, 
Booktitle = {Proceedings of the 29th International Conference on Machine Learning (ICML-12)}, 
Author = {M. Rey and V. Roth}, 
Year = {2012}, 
Editor = {John Langford and Joelle Pineau}, 
Address = {New York, NY, USA}, 
Pages = {927--934} 
}


@inproceedings{Rajan2016_GMCM_mixed_data,
 author = {V. Rajan and S. Bhattacharya},
 title = {Dependency Clustering of Mixed Data with Gaussian Mixture Copulas},
 booktitle = {Proceedings of the Twenty-Fifth International Joint Conference on Artificial Intelligence},
 series = {IJCAI'16},
 year = {2016},
 isbn = {978-1-57735-770-4},
 location = {New York, New York, USA},
 pages = {1967--1973},
 numpages = {7},
 acmid = {3060896},
 publisher = {AAAI Press},
} 


@Inbook{Jajuga2006,
author={K. Jajuga and D. Papla},
editor={Spiliopoulou, Myra and Kruse, Rudolf and Borgelt, Christian and N{\"u}rnberger, Andreas and Gaul, Wolfgang},
title={Copula Functions in Model Based Clustering},
bookTitle={From Data and Information Analysis to Knowledge Engineering: Proceedings of the 29th Annual Conference of the Gesellschaft f{\"u}r Klassifikation e.V. University of Magdeburg, March 9--11, 2005},
year={2006},
publisher={Springer Berlin Heidelberg},
address={Berlin, Heidelberg},
pages={606--613},
isbn={978-3-540-31314-4},
doi={10.1007/3-540-31314-1_74},
}

@Article{Kosmidis2016,
author={I. Kosmidis and D. Karlis},
title={Model-based clustering using copulas with applications},
journal={Statistics and Computing},
year={2016},
month={Sep},
day={01},
volume={26},
number={5},
pages={1079--1099},
issn={1573-1375},
doi={10.1007/s11222-015-9590-5},
}

@inproceedings{Bayestehtashk2015, 
Publisher = {IEEE}, 
Title = {Efficient and Accurate Multivariate Class Conditional Densities Using Copula}, 
Booktitle = {Proceedings of the International Conference on Acoustics, Speech, and Signal Processing (ICASSP-2015)}, 
Author = {A. Bayestehtashk and  I. Shafran}, 
Year = {2015},  
Pages = {3936--3940},
doi = {10.1109/ICASSP.2015.7178709}
}

@article{Tang2013,
author = {X. S. Tang and D. Q. Li and C. B. Zhou and L. M. Zhang},
title ={Bivariate distribution models using copulas for reliability analysis},
journal = {Proceedings of the Institution of Mechanical Engineers, Part O: Journal of Risk and Reliability},
volume = {227},
number = {5},
pages = {499-512},
year = {2013},
doi = {10.1177/1748006X13481928}
}

@article{White1982,
title = {Maximum Likelihood Estimation of Misspecified Models},
author = {H. White},
year = {1982},
journal = {Econometrica},
volume = {50},
number = {1},
pages = {1-25},
}

@misc{Bilgrau_Rpackage,
  author = {A. E. Bilgrau and M. Boegsted and P. S. Eriksen},
  title = {GMCM: Fast Estimation of Gaussian Mixture Copula Models},
  year = {2017},
  publisher = {GitHub},
  journal = {GitHub repository},
  howpublished = {\url{https://github.com/AEBilgrau/GMCM}},
}

@inproceedings{Salakhutdinov2002,
 author = {R. Salakhutdinov and S. Roweis and Z. Ghahramani},
 title = {On the Convergence of Bound Optimization Algorithms},
 booktitle = {Proceedings of the Nineteenth Conference on Uncertainty in Artificial Intelligence},
 series = {UAI'03},
 year = {2003},
 isbn = {0-127-05664-5},
 location = {Acapulco, Mexico},
 pages = {509--516},
 numpages = {8},
 acmid = {2100646},
 publisher = {Morgan Kaufmann Publishers Inc.},
 address = {San Francisco, CA, USA},
} 

@article {Stephens2000,
author = {M. Stephens},
title = {Dealing with Label Switching in Mixture Models},
journal = {Journal of the Royal Statistical Society: Series B (Statistical Methodology)},
volume = {62},
number = {4},
publisher = {Blackwell Publishers Ltd.},
issn = {1467-9868},
doi = {10.1111/1467-9868.00265},
pages = {795--809},
keywords = {Bayesian approach, Classification, Clustering, Identifiability, Markov chain Monte Carlo methods, Mixture model, Multimodal posterior},
year = {2000},
}

@article{Neath1997,
 ISSN = {00031305},
 author = {A. A. Neath and F. J. Samaniego},
 journal = {The American Statistician},
 number = {3},
 pages = {225-232},
 publisher = {[American Statistical Association, Taylor & Francis, Ltd.]},
 title = {On the Efficacy of Bayesian Inference for Nonidentifiable Models},
 volume = {51},
 year = {1997}
}

@article{Marbac2017,
author = {M. Marbac and C. Biernacki and V. Vandewalle},
title = {Model-based clustering of Gaussian copulas for mixed data},
journal = {Communications in Statistics - Theory and Methods},
volume = {46},
number = {23},
pages = {11635-11656},
year  = {2017},
publisher = {Taylor & Francis},
doi = {10.1080/03610926.2016.1277753},
}

@InProceedings{Jajuga2006,
author= {K. Jajuga  and D. Papla},
editor= {M. Spiliopoulou and R. Kruse, Rudolf and C. Borgelt and A. N{\"u}rnberger and W. Gaul},
title={Copula Functions in Model Based Clustering},
booktitle={From Data and Information Analysis to Knowledge Engineering},
year={2006},
publisher={Springer Berlin Heidelberg},
address={Berlin, Heidelberg},
pages={606--613},
isbn={978-3-540-31314-4}
}

@article{Mazo2017,
author={G. Mazo},
title={A Semiparametric and Location-Shift Copula-Based Mixture Model},
journal={Journal of Classification},
year={2017},
month={Oct},
day={01},
volume={34},
number={3},
pages={444--464},
issn={1432-1343},
doi={10.1007/s00357-017-9243-9},
}

@article{Genest2009CopulaInFinance,
author = { C.   Genest  and  M.   Gendron  and  M.   Bourdeau-Brien },
title = {The Advent of Copulas in Finance},
journal = {The European Journal of Finance},
volume = {15},
number = {7-8},
pages = {609-618},
year  = {2009},
publisher = {Routledge},
doi = {10.1080/13518470802604457},
}

@article{Genest1995Multivariate,
author = {C. Genest. and K. Ghoudi, K. and L.-P. Rivest},
title = {A semiparametric estimation procedure of dependence parameters in multivariate families of distributions},
journal = {Biometrika},
volume = {82},
number = {3},
pages = {543-552},
year = {1995},
}

@article{Joe1993Multivariate, 
title = {Parametric Families of Multivariate Distributions with Given Margins},
journal = {Journal of Multivariate Analysis},
volume = {46},
number = {2},
pages = {262 - 282},
year = {1993},
issn = {0047-259X},
author = {H. Joe}
}

@InProceedings{Durante2010CopulaIntro,
author={F. Durante and C. Sempi},
editor={P. Jaworski and F. Durante and W.K. H{\"a}rdle  and T. Rychlik},
title={Copula Theory: An Introduction},
booktitle={Copula Theory and Its Applications},
year={2010},
publisher={Springer Berlin Heidelberg},
address={Berlin, Heidelberg},
pages={3-31},
}


@InProceedings{Czado2010PairCopula,
author={C. Czado},
editor={P. Jaworski and F. Durante and W.K. H{\"a}rdle  and T. Rychlik},
title={Pair-Copula Constructions of Multivariate Copulas},
booktitle={Copula Theory and Its Applications},
year={2010},
publisher={Springer Berlin Heidelberg},
address={Berlin, Heidelberg},
pages={93-109},
}


@article{Hanea2006CBN,
author = {A. M. Hanea and D. Kurowicka and  R. M. Cooke},
title = {Hybrid Method for Quantifying and Analyzing Bayesian Belief Nets},
journal = {Quality and Reliability Engineering International},
volume = {22},
number = {6},
pages = {709-729},
year={2006},
keywords = {Bayesian belief nets, dependence modelling, vines, multivariate probability distribution},
doi = {10.1002/qre.808},
}

@InProceedings{Rychlik2010Reliability,
author={T. Rychlik},
editor={P. Jaworski and F. Durante and W.K. H{\"a}rdle  and T. Rychlik},
title={Copulae in Reliability Theory(Order Statistics, Coherent Systems)},
booktitle={Copula Theory and Its Applications},
year={2010},
publisher={Springer Berlin Heidelberg},
address={Berlin, Heidelberg},
pages={187-206},
}

@Article{Kojadinovic2010RpackageMVcopula,
  author={I. Kojadinovic and J. Yan},
  title={{Modeling Multivariate Distributions with Continuous Margins Using the Copula R Package}},
  journal={Journal of Statistical Software},
  year=2010,
  volume={34},
  number={i09},
  pages={},
  month={},
  keywords={},
  doi={http://hdl.handle.net/10.},
}

@inproceedings{Iwata2012,
 author = {T. Iwata and D. Duvenaud and Z. Ghahramani},
 title = {Warped Mixtures for Nonparametric Cluster Shapes},
 booktitle = {Proceedings of the Twenty-Ninth Conference on Uncertainty in Artificial Intelligence},
 series = {UAI'13},
 year = {2013},
 location = {Bellevue, WA},
 pages = {311--320},
 numpages = {10},
 acmid = {3023670},
 publisher = {AUAI Press},
 address = {Arlington, Virginia, United States},
} 

@inproceedings{Lawrence2003,
 author = {N. D. Lawrence},
 title = {Gaussian Process Latent Variable Models for Visualisation of High Dimensional Data},
 booktitle = {Proceedings of the 16th International Conference on Neural Information Processing Systems},
 series = {NIPS'03},
 year = {2003},
 location = {Whistler, British Columbia, Canada},
 pages = {329--336},
 numpages = {8},
 acmid = {2981387},
 publisher = {MIT Press},
 address = {Cambridge, MA, USA},
} 

@inproceedings{Rasmussen1999,
 author = {C. E. Rasmussen},
 title = {The Infinite Gaussian Mixture Model},
 booktitle = {Proceedings of the 12th International Conference on Neural Information Processing Systems},
 series = {NIPS'99},
 year = {1999},
 location = {Denver, CO},
 pages = {554--560},
 numpages = {7},
 acmid = {3009736},
 publisher = {MIT Press},
 address = {Cambridge, MA, USA},
} 

@misc{Duvenaud2013,
  author = {D. Duvenaud, T. Iwata},
  title = {Warped Mixture Models},
  year = {2013},
  publisher = {GitHub},
  journal = {GitHub repository},
  howpublished = {\url{https://github.com/duvenaud/warped-mixtures}},
}

@book{mood1963,
  address = {New York [u.a.]},
  author = {Mood, Alexander MacFarlane and Graybill, Franklin Arno},
  biburl = {https://www.bibsonomy.org/bibtex/2b2337f8038adfe14c67d569c49353c8d/nosebrain},
  edition = {3. ed},
  interhash = {c36883f183fc8a54ce81473977c1c03f},
  intrahash = {b2337f8038adfe14c67d569c49353c8d},
  keywords = {introduction statistic theory},
  pagetotal = {XV, 443},
  ppn_gvk = {02018896X},
  publisher = {McGraw-Hill [u.a.]},
  series = {International student edition},
  timestamp = {2012-12-28T14:31:44.000+0100},
  title = {Introduction to the theory of statistics},
  year = 1963
}

@misc{kasa2018,
    title={Automatic Differentiation in Mixture Models},
    author={Kasa, Siva Rajesh and Rajan, Vaibhav},
    year={2018},
    eprint={1812.05928},
    archivePrefix={arXiv},
    primaryClass={stat.CO}
}

@misc{rayana2016,
author = {Rayana, Shebuti},
year = {2016},
title = {ODDS Library},
url = {http://odds.cs.stonybrook.edu},
institution = {Stony Brook University, Department of Computer Sciences} 
}

@article{Pedro2003,
title = {A note on the convergence of the secant method for simple and multiple roots},
journal = {Applied Mathematics Letters},
volume = {16},
number = {8},
pages = {1211-1215},
year = {2003},
issn = {0893-9659},
doi = {https://doi.org/10.1016/S0893-9659(03)90119-4},
url = {https://www.sciencedirect.com/science/article/pii/S0893965903901194},
author = {Díez, Pedro},
keywords = {Secant method, Convergence rate, Asymptotic behavior},
}

@inproceedings{Papamakarios2017,
author = {Papamakarios, George and Pavlakou, Theo and Murray, Iain},
title = {Masked autoregressive flow for density estimation},
year = {2017},
isbn = {9781510860964},
publisher = {Curran Associates Inc.},
address = {Red Hook, NY, USA},
pages = {2335–2344},
numpages = {10},
location = {Long Beach, California, USA},
series = {NIPS'17}
}

@misc{Gilboa2021,
      title={Marginalizable Density Models}, 
      author={Dar Gilboa and Ari Pakman and Thibault Vatter},
      year={2021},
      eprint={2106.04741},
      archivePrefix={arXiv},
      primaryClass={stat.ML}
}

@book{mood1973,
  title={Introduction to the Theory of Statistics},
  author={Mood, A.M. and Graybill, F.A. and Boes, D.C.},
  isbn={9780070428645},
  lccn={73000292},
  series={International Student edition},
  url={https://books.google.com/books?id=Viu2AAAAIAAJ},
  year={1973},
  publisher={McGraw-Hill}
}

@article{TFP2017,
  author    = {Joshua V. Dillon and
               Ian Langmore and
               Dustin Tran and
               Eugene Brevdo and
               Srinivas Vasudevan and
               Dave Moore and
               Brian Patton and
               Alex Alemi and
               Matthew D. Hoffman and
               Rif A. Saurous},
  title     = {TensorFlow Distributions},
  journal   = {CoRR},
  volume    = {abs/1711.10604},
  year      = {2017},
  url       = {http://arxiv.org/abs/1711.10604},
  eprinttype = {arXiv},
  eprint    = {1711.10604},
  timestamp = {Mon, 13 Aug 2018 16:48:50 +0200},
  biburl    = {https://dblp.org/rec/journals/corr/abs-1711-10604.bib},
  bibsource = {dblp computer science bibliography, https://dblp.org}
}

@article{bingham2019pyro,
  author    = {Eli Bingham and
               Jonathan P. Chen and
               Martin Jankowiak and
               Fritz Obermeyer and
               Neeraj Pradhan and
               Theofanis Karaletsos and
               Rohit Singh and
               Paul A. Szerlip and
               Paul Horsfall and
               Noah D. Goodman},
  title     = {Pyro: Deep Universal Probabilistic Programming},
  journal   = {J. Mach. Learn. Res.},
  volume    = {20},
  pages     = {28:1--28:6},
  year      = {2019},
  url       = {http://jmlr.org/papers/v20/18-403.html}
}

@ARTICLE{Kobyzev2021,
  author={Kobyzev, Ivan and Prince, Simon J.D. and Brubaker, Marcus A.},
  journal={IEEE Transactions on Pattern Analysis and Machine Intelligence}, 
  title={Normalizing Flows: An Introduction and Review of Current Methods}, 
  year={2021},
  volume={43},
  number={11},
  pages={3964-3979},
  doi={10.1109/TPAMI.2020.2992934}}
  
@booklet {Joe1996,
	title = {The estimation method of inference functions for margins for multivariate models},
	number = {166},
	year = {1996},
	publisher = {University of British Columbia},
	url = {http://hdl.handle.net/2429/57078},
	author = {Harry Joe and Xu, James J.}
}

@article{Margossian2018,
  author    = {Charles C. Margossian},
  title     = {A Review of automatic differentiation and its efficient implementation},
  journal   = {CoRR},
  volume    = {abs/1811.05031},
  year      = {2018},
  url       = {http://arxiv.org/abs/1811.05031},
  eprinttype = {arXiv},
  eprint    = {1811.05031},
  timestamp = {Sat, 24 Nov 2018 17:52:00 +0100},
  biburl    = {https://dblp.org/rec/journals/corr/abs-1811-05031.bib},
  bibsource = {dblp computer science bibliography, https://dblp.org}
}

@ARTICLE{Xu1996,
  author={Xu, Lei and Jordan, Michael I.},
  journal={Neural Computation}, 
  title={On Convergence Properties of the EM Algorithm for Gaussian Mixtures}, 
  year={1996},
  volume={8},
  number={1},
  pages={129-151},
  doi={10.1162/neco.1996.8.1.129}}